1712 2211
357 232 392 258 VI

355 314 441 347 primis
458 313 560 344 Oroatis,
578 313 660 339 Sei-bis
684 315 708 338 et
732 313 844 346 Bulgaris
870 313 919 338 sint
943 315 1020 347 grata,
1040 315 1106 339 tanto
1125 314 1210 347 mag15‚
1229 314 1293 347 quod
1312 314 1402 339 similia.

357 354 473 387 (maxime
490 353 581 380 saeculi
598 353 680 386 XVII)
698 353 735 379 vel
754 354 878 379 rarissima
896 354 932 379 vel
952 362 1007 379 vero
1025 355 1091 379 nulla
1110 355 1165 379 sint.

390 395 437 420 Sed
461 396 485 420 et
508 395 625 420 historiae
649 394 783 419 vicinarum
812 395 945 427 regionum,
973 403 1034 427 quae
1058 395 1143 420 'furcis
1167 395 1256 427 pariter
1280 395 1405 424 suberant,

354 435 465 461 nonnihil
483 435 543 460 lucis
562 435 671 460 adferent
689 435 749 460 haec
766 435 820 467 ipsa
838 435 956 460 Actorum
974 435 1141 460 instrumenta.

391 475 460 507 Quod
487 476 532 501 ista
559 483 655 509 quoque
683 475 708 500 in
729 475 774 500 hac
799 475 940 501 collectione
964 476 1089 508 praeteriri
1113 484 1160 500 non
1187 475 1317 508 potuerint,
1336 476 1405 501 lucu-

356 516 449 542 lentum
467 516 553 542 exinde
573 516 608 547 fit,
628 516 685 549 quia
703 524 758 541 eum
776 516 889 549 religiosa
912 516 1036 549 provincia
1060 516 1181 547 bosnensi,
1200 524 1261 549 quae
1280 516 1305 541 in
1324 516 1404 549 regio-

356 557 428 582 nibus
446 556 494 582 illis
512 557 648 582 animarum
667 564 750 582 curam
769 565 844 589 aeque
861 557 968 589 gerebat,
988 557 1013 582 in
1031 557 1118 582 intimo
1136 557 1185 582 sint
1203 565 1273 582 nexu.

389 598 464 623 Porro
483 598 507 622 in
525 597 579 622 istis
601 598 698 627 „Aetis“
725 597 871 630 philologus,
890 597 1081 630 ethnographus,
1104 597 1265 630 geographus,
1284 598 1343 622 item
1362 598 1405 630 qui

355 638 508 664 oeconomiae
526 637 653 663 nationalis
671 637 707 663 vel
727 645 782 663 vero
800 638 949 662 humanioris
962 638 1024 663 vitae
1039 638 1192 663 conditiones
1210 638 1275 670 apud
1293 638 1402 664 Bosnen-

354 686 392 704 ses
410 681 434 703 et
452 678 543 703 vicinos
561 678 694 711 inquirunt,
713 678 778 703 haud
796 677 857 703 nihil
876 678 1004 711 reperient,
1023 679 1086 703 unde
1106 678 1231 703 materiam
1256 678 1321 703 utilis
1332 686 1401 704 exer-

355 719 478 744 citationis
490 719 618 751 accipiant.
638 718 752 743 Parochis
770 719 863 744 veroin
884 719 972 748 Bosna,
990 718 1102 743 Slavonia
1120 722 1144 744 et
1163 718 1312 744 meridionali
1332 718 1401 744 Hun-

353 759 430 792 garia,
454 767 510 784 cum
528 759 656 791 pleraeque
679 759 807 791 parochiae
829 761 853 784 et
880 767 962 784 earum
985 761 1062 784 status
1086 759 1254 784 describantur
1273 758 1310 784 vel
1328 759 1403 783 attin-

353 801 450 832 gantur,
469 801 533 824 certe
551 807 639 832 magno
658 801 729 824 erunt
746 799 880 824 commodo.
906 799 998 824 Verbo:
1018 807 1046 824 ex
1066 799 1104 824 his
1123 800 1192 824 Actis
1212 799 1316 824 fideliter
1335 799 1399 825 vitae

351 842 377 865 ct
389 841 467 865 status
486 839 566 872 populi
584 839 688 872 propriis
709 839 830 864 coloribus
847 839 942 872 depicta
962 839 1106 872 prominent,
1125 847 1186 872 quae
1205 840 1263 864 dum
1281 839 1398 865 lectorem

355 880 442 905 blande
460 880 589 911 delectant,
608 888 656 905 una
674 881 698 905 et
716 880 778 905 serio
796 880 890 905 docent.

387 920 459 945 Unde
486 928 542 945 vcro
566 920 626 946 haec
651 920 921 945 cunctainstrumenta
944 920 1144 952 deprompserim,
1169 921 1198 945 ud
1212 920 1301 945 calcem
1320 920 1402 945 cuiun-

354 961 390 986 vis
407 961 546 986 documenti
564 961 668 986 fideliter
686 961 826 986 adnotatum
845 960 955 986 habetur.

435 1001 487 1032 Quo
514 1001 628 1027 historiae
657 1001 788 1027 Bosnensis
813 1001 899 1026 cultori
923 1001 1012 1031 omnia,
1037 1001 1108 1026 modo
1130 1003 1195 1031 nota,
1223 1003 1277 1025 acta
1303 1003 1400 1033 praesto

354 1041 410 1071 sint,
430 1041 496 1066 hisce
523 1041 618 1067 ineditis
645 1042 691 1066 alia
717 1042 783 1067 edita
807 1042 831 1066 in
856 1042 933 1066 forma
958 1044 1108 1074 regestorum
1131 1042 1220 1067 addere
1250 1042 1329 1066 visum
1356 1043 1400 1067 est.

354 1081 425 1106 Unde
451 1083 528 1106 totum
557 1082 667 1107 volumen
694 1082 817 1114 specimen
845 1082 968 1114 quoddam
994 1082 1110 1107 Breviarii
1134 1082 1224 1107 codicis
1248 1081 1399 1114 diplomatici

353 1122 447 1147 Bosnae
464 1122 569 1152 exhibet,
587 1123 652 1155 quod
670 1122 763 1147 utinam
775 1130 888 1147 successu
902 1122 1017 1155 temporis
1036 1122 1221 1155 quamplurimis
1240 1122 1309 1147 novis
1327 1122 1402 1147 docu—

355 1162 444 1187 mentis
462 1165 586 1195 augeatur,
605 1170 757 1196 summopere
776 1163 915 1195 optandum.

389 1202 489 1227 Erudito
515 1203 609 1228 senatui
627 1203 733 1235 inclytae
760 1203 906 1229 Academiae
933 1203 1089 1228 scientiarum
1116 1205 1140 1229 et
1166 1203 1254 1228 artium
1272 1202 1399 1228 Slavorum

354 1242 546 1268 meridionalium
564 1243 727 1276 Zagrobiensi,
746 1252 808 1276 quae
826 1244 929 1276 propriis
947 1243 1059 1276 expensis
1077 1244 1123 1269 hoc
1142 1244 1253 1269 volumen
1273 1244 1297 1268 in
1315 1244 1397 1270 lucem

351 1283 389 1309 edi
409 1285 541 1314 curaverat,
560 1284 651 1316 gratias
669 1292 714 1317 ago
733 1284 856 1309 maximas.

380 1323 427 1349 Sed
446 1326 471 1349 et
497 1324 560 1349 mm,
586 1324 648 1349 Dno.
674 1325 715 1349 Dr.
740 1325 870 1349 Francisco
889 1324 970 1355 Barki,
994 1324 1109 1350 historiae
1127 1325 1254 1357 praecipue
1273 1324 1398 1350 Oroaticae

351 1364 389 1388 via
407 1367 430 1388 et
450 1364 542 1389 ratione
565 1365 710 1389 scrutandae
728 1367 752 1390 et
771 1365 909 1390 tractandae
927 1365 1019 1390 auctori
1040 1365 1211 1394 eruditissimo,
1231 1365 1272 1397 qui
1290 1366 1317 1389 ut
1335 1364 1397 1390 mihi

348 1404 450 1429 oonsilio
468 1405 502 1429 sic
520 1408 544 1429 et
562 1405 753 1430 subministratis
770 1413 819 1430 non
837 1405 920 1438 paucis
937 1406 1089 1431 documentis
1111 1406 1176 1438 operi
1191 1406 1307 1437 prodesse
1324 1406 1397 1431 bene-

348 1444 401 1470 vole
418 1447 456 1470 est
474 1445 597 1477 dignatus,
615 1446 706 1478 gratias
725 1446 801 1471 habeo
819 1453 934 1471 summas.

382 1484 484 1510 Demum
509 1488 532 1510 et
557 1485 707 1511 charissimis
735 1486 896 1511 confratribus
915 1487 975 1511 meis
998 1487 1022 1511 in
1041 1489 1160 1512 conventu
1180 1486 1351 1512 Gernekiensi:
1372 1486 1397 1512 A

347 1524 375 1550 B.
393 1525 419 1550 P.
439 1525 506 1550 Ivoni
526 1526 608 1556 Rodie',
634 1526 726 1558 Adjuto
750 1526 849 1558 Spacek,
875 1527 952 1552 Lucae
976 1526 1043 1551 Trzic‘
1061 1529 1085 1552 et
1112 1527 1208 1552 Caesari
1226 1526 1333 1557 Zsubori‚
1353 1527 1396 1560 qui

347 1572 390 1590 suo
418 1566 489 1590 modo
517 1568 541 1591 et
567 1573 640 1598 opera
665 1574 703 1591 me
727 1566 752 1591 in
774 1566 896 1592 laboribus
914 1568 978 1593 eirca
995 1566 1041 1592 hoc
1067 1574 1127 1600 opus
1145 1569 1256 1600 prompte
1274 1566 1395 1596 iuvabant,

347 1606 480 1638 condignas
499 1606 575 1631 babeo
592 1607 691 1640 gratias.
713 1607 777 1631 Vale.

428 1680 598 1704 Germekini
617 1681 640 1704 in
659 1684 777 1706 conventu
796 1681 1014 1706 Franciscanorum
1033 1681 1071 1706 die
1089 1682 1112 1706 4.
1131 1681 1242 1706 Octobris
1262 1681 1335 1707 1892.

873 1795 905 1825 P.
931 1795 1090 1826 Eusebius
1112 1795 1331 1826 FermendZin

810 1840 861 1862 Ord.
875 1841 897 1862 S.
913 1841 1021 1863 Francis&
1035 1841 1160 1863 Provinciae
1173 1841 1316 1868 (inpiati-anu
1328 1841 1394 1865 filiun-
